

@misc{metadata,
	
	year  = {2021},
	title = {Cardano Native Tokens, Metadata description},
	note  = {\url{https://developers.cardano.org/docs/native-tokens/minting-nfts/}, 
	Last accessed on Accessed: 2021-08-12},
}